@misc{ wotsap,
  author="Jo:rgen Cederlo:f??",
  title = "Wotsap: Web of Trust Statistics and Pathfinder",
  year = "2005"
}

@book{designPatterns,
author = {E. Gamma and R. Helm and R. Johnson and J. Vlissides},
title = {Design Patterns: Elements of Reusable Object-Oriented Software},
publisher = {Addison-Wesley},
year = 1995,
keywords = {Patterns} 
}

@conference{ fenton05iim,
  author = "Jim Fenton",
  title = "Distinctions Between Message Authentication and User Authentication",
  booktitle = "???",
  year = "2005",
  url = "http://web.mit.edu/webcast/spamconf05/spam-conference-21jan05-morning2-220k.ram",
  organization = "Spam Conference 2005, Cambridge"
}

@misc{golbeck:accuracy,
  author = "Jennifer Golbeck and James Hendler",
  title = "Accurcy of Metrics for Inferring Trust and Reputation in Semantic Web-based Social Networks",
  year = {????}
}

@misc{ boykin04email,
  author = "P. Oscar Boykin and Vwani Roychowdhury",
  title = "Personal Email Networks: An Effective Anti-Spam Tool",
  year = {2004}
}

@misc{ guha04propagation,
  author = "R. Guha and R. Kumar and P. Raghavan and A. Tomkins",
  title = "Propagation of Trust and Distrust",
  text = "R. Guha, R. Kumar, P. Raghavan, and A. Tomkins. Propagation of Trust and
    Distrust. In International World Wide Web Conference, 2004.",
  year = "2004",
  url = "citeseer.ist.psu.edu/guha04propagation.html" }

@misc{ elley01building,
  author = "Y. Elley and A. Anderson and S. Hanna and S. Mullan and R. Perlman and
    S. Proctor",
  title = "Building Certification Paths: Forward vs. Reverse",
  text = "Y. Elley, A. Anderson, S. Hanna, S. Mullan, R. Perlman, S. Proctor. Building
    Certification Paths: Forward vs. Reverse, In Network and Distributed System
    Security Symposium Conference Proceedings: 2001",
  year = "2001",
  url = "citeseer.ist.psu.edu/elley01building.html" }

@misc{ golbeckSite,
  author = "Jennifer Golbeck",
  title = "Trust and Reputation in Web-based Social Networks",
  text = "Trust and Reputation in Web-based Social Networks Website: http://trust.mindswap.org",
  url = "http://trust.mindswap.org/",
  year = {2005}
}

@misc{ trustMail,
  author = "Jennifer Golbeck",
  title = "TrustMail",
  url = "http://trust.mindswap.com/trustMail.shtml",
  text = "The Trustmail Website: http://trust.mindswap.com/trustMail.shtml",
  year = {2005}
}

@misc{ foafProject,
  author = "Dan Brickley",
  title = "friend of a friend (foaf) project",
  url = "http://www.foaf-project.org/",
  text = "The FOAF Project Website: http://www.foaf-project.org/",
  year = {2005}
}

@misc{ foafWhitelisting,
  author = "Dan Brickley",
  title= "RDF for mail filtering: FOAF whitelists",
  url = "http://www.w3.org/2001/12/rubyrdf/util/foafwhite/intro.html",
  text = "RDF for mail filtering: FOAF whitelists:  http://www.w3.org/2001/12/rubyrdf/util/foafwhite/intro.html",
  year = {2005}
}

@misc{ rdf,
  author = "W3C",
  title = "Resource Description Framework (RDF)",
  url = "http://www.w3.org/RDF/",
  text = "The W3C Resource Description Framework Website: http://www.w3.org/RDF/",
  year = {2005}
}

@misc{ wot,
  author = "Dan Brickley",
  title="WOT RDF Vocabulary",
  url = "http://xmlns.com/wot/0.1/",
  text = "The WOT Vocabulary Website: http://xmlns.com/wot/0.1/",
  year = {2005}
}

@misc{ owl,
  author = "W3C",
  title="Web Ontology Language (OWL)",
  url = "http://www.w3.org/2004/OWL/",
  text = "The W3C OWL Website: http://www.w3.org/2004/OWL/",
  year = {2005}
}

@inproceedings{ golbeck:trust,
  author = "Jennifer Golbeck and Bijan Parsia and James Hendler",
  title = "Trust Networks on the Semantic Web",
  booktitle = "Proceedings of Cooperative Intelligent Agents 2003",
  note = "August 27-29, Helsinki, Finland",
  year = "2003"
}

@INPROCEEDINGS { richardson03management,
  author = "M. Richardson and R. Agrawal and P. Domingos",
  title = "Trust Management for the Semantic Web",
  booktitle  = "Proceedings of the Second International Semantic Web Conference",
pages = "351-368",
  year = "2003",
  url = "http://www.cs.washington.edu/homes/mattr/doc/iswc2003/iswc2003.pdf" }

